@article{schymuratwo,
  title={Two! Ears--Integral interactive model of auditory perception and experience},
  author={Schymura, C and Walther, T and Wierstorf, H and Winter, F and Spors, S}
}

@inproceedings{jia2014caffe,
  title={Caffe: Convolutional architecture for fast feature embedding},
  author={Jia, Yangqing and Shelhamer, Evan and Donahue, Jeff and Karayev, Sergey and Long, Jonathan and Girshick, Ross and Guadarrama, Sergio and Darrell, Trevor},
  booktitle={Proceedings of the 22nd ACM international conference on Multimedia},
  pages={675--678},
  year={2014},
  organization={ACM}
}

@incollection{lecun2012efficient,
  title={Efficient backprop},
  author={LeCun, Yann and Bottou, L{\'e}on and Orr, Genevieve and M{\"u}ller, Klaus-Robert},
  booktitle={Neural networks: Tricks of the trade},
  pages={9--48},
  year={2012},
  publisher={Springer}
}

@inproceedings{piczak2015environmental,
  title={Environmental sound classification with convolutional neural networks},
  author={Piczak, Karol},
  booktitle={2015 IEEE 25th International Workshop on Machine Learning for Signal Processing (MLSP)},
  pages={1--6},
  year={2015},
  organization={IEEE}
}

@article{li2016learning,
  title={Learning without Forgetting},
  author={Li, Zhizhong and Hoiem, Derek},
  journal={arXiv preprint arXiv:1606.09282},
  year={2016}
}

@article{songend,
  title={End-to-End Deep Neural Network for Automatic Speech Recognition},
  author={Song, William and Cai, Jim}
}

@article{ma2015exploiting,
  title={Exploiting deep neural networks and head movements for binaural localisation of multiple speakers in reverberant conditions},
  author={Ma, Ning and Brown, Guy and May, Tobias},
  journal={INTERSPEECH 2015},
  pages={3302--3306},
  year={2015}
}

@phdthesis{woodruff2012integrating,
  title={Integrating monaural and binaural cues for sound localization and segregation in reverberant environments},
  author={Woodruff, John},
  year={2012},
  school={The Ohio State University}
}

@article{woodruff2012binaural,
  title={Binaural localization of multiple sources in reverberant and noisy environments},
  author={Woodruff, John and Wang, DeLiang},
  journal={IEEE Transactions on Audio, Speech, and Language Processing},
  volume={20},
  number={5},
  pages={1503--1512},
  year={2012},
  publisher={IEEE}
}

@article{woodruff2010sequential,
  title={Sequential organization of speech in reverberant environments by integrating monaural grouping and binaural localization},
  author={Woodruff, John and Wang, DeLiang},
  journal={IEEE transactions on audio, speech, and language processing},
  volume={18},
  number={7},
  pages={1856--1866},
  year={2010},
  publisher={IEEE}
}

@article{bergstra2012random,
  title={Random search for hyper-parameter optimization},
  author={Bergstra, James and Bengio, Yoshua},
  journal={Journal of Machine Learning Research},
  volume={13},
  number={Feb},
  pages={281--305},
  year={2012}
}

@inproceedings{snoek2012practical,
  title={Practical bayesian optimization of machine learning algorithms},
  author={Snoek, Jasper and Larochelle, Hugo and Adams, Ryan},
  booktitle={Advances in neural information processing systems},
  pages={2951--2959},
  year={2012}
}

@inproceedings{moritz2011amplitude,
  title={Amplitude modulation spectrogram based features for robust speech recognition in noisy and reverberant environments},
  author={Moritz, Niko and Anem{\"u}ller, J{\"o}rn and Kollmeier, Birger},
  booktitle={2011 IEEE International Conference on Acoustics, Speech and Signal Processing (ICASSP)},
  pages={5492--5495},
  year={2011},
  organization={IEEE}
}

@article{Cooke2006audio,
  title={An audio-visual corpus for speech perception and automatic speech recognition},
  author={Cooke, Martin and Barker, Jon and Cunningham, Stuart and Shao, Xu},
  journal={The Journal of the Acoustical Society of America},
  volume={120},
  number={5},
  pages={2421--2424},
  year={2006},
  publisher={Acoustical Society of America}
}

@article{garofolo1993timit,
  title={TIMIT acoustic-phonetic continuous speech corpus},
  author={Garofolo, John and Lamel, Lori and Fisher, William and Fiscus, Jonathan and Pallett, David and Dahlgren, Nancy and Zue, Victor},
  journal={Linguistic data consortium, Philadelphia},
  volume={33},
  year={1993}
}

@article{srivastava2014dropout,
  title={Dropout: a simple way to prevent neural networks from overfitting.},
  author={Srivastava, Nitish and Hinton, Geoffrey and Krizhevsky, Alex and Sutskever, Ilya and Salakhutdinov, Ruslan},
  journal={Journal of Machine Learning Research},
  volume={15},
  number={1},
  pages={1929--1958},
  year={2014}
}

@article{lecun1995convolutional,
  title={Convolutional networks for images, speech, and time series},
  author={LeCun, Yann and Bengio, Yoshua},
  journal={The handbook of brain theory and neural networks},
  volume={3361},
  number={10},
  pages={1995},
  year={1995}
}

@article{langner1992periodicity,
  title={Periodicity coding in the auditory system},
  author={Langner, Gerald},
  journal={Hearing research},
  volume={60},
  number={2},
  pages={115--142},
  year={1992},
  publisher={Elsevier}
}

@inproceedings{davis2006relationship,
  title={The relationship between Precision-Recall and ROC curves},
  author={Davis, Jesse and Goadrich, Mark},
  booktitle={Proceedings of the 23rd international conference on Machine learning},
  pages={233--240},
  year={2006},
  organization={ACM}
}

@inproceedings{piczak2015esc,
  title={ESC: Dataset for environmental sound classification},
  author={Piczak, Karol},
  booktitle={Proceedings of the 23rd ACM international conference on Multimedia},
  pages={1015--1018},
  year={2015},
  organization={ACM}
}

@inproceedings{salamon2014dataset,
  title={A dataset and taxonomy for urban sound research},
  author={Salamon, Justin and Jacoby, Christopher and Bello, Juan Pablo},
  booktitle={Proceedings of the 22nd ACM international conference on Multimedia},
  pages={1041--1044},
  year={2014},
  organization={ACM}
}

@article{geman1992neural,
  title={Neural networks and the bias/variance dilemma},
  author={Geman, Stuart and Bienenstock, Elie and Doursat, Ren{\'e}},
  journal={Neural computation},
  volume={4},
  number={1},
  pages={1--58},
  year={1992},
  publisher={MIT Press}
}

@article{haykin2004comprehensive,
  title={Neural Networks: A comprehensive foundation},
  author={Haykin, Simon},
  journal={Neural Networks},
  volume={2},
  number={2004},
  year={2004}
}

@inproceedings{yosinski2014transferable,
  title={How transferable are features in deep neural networks?},
  author={Yosinski, Jason and Clune, Jeff and Bengio, Yoshua and Lipson, Hod},
  booktitle={Advances in neural information processing systems},
  pages={3320--3328},
  year={2014}
}

@inproceedings{glorot2010understanding,
  title={Understanding the difficulty of training deep feedforward neural networks.},
  author={Glorot, Xavier and Bengio, Yoshua},
  booktitle={Aistats},
  volume={9},
  pages={249--256},
  year={2010}
}